<?xml version="1.0" encoding="UTF-8"?><collection xmlns="http://www.loc.gov/MARC21/slim"><record><leader>00317nam--2200109-i-4500</leader><controlfield tag="001">000043291</controlfield><controlfield tag="002">20161230</controlfield><controlfield tag="005">20161230201044</controlfield><controlfield tag="008">060222s1000------------r-----000-0-eng-d</controlfield><datafield ind1=" " ind2=" " tag="245"><subfield code="a">Sylvania electronic products. teechnical manual. sylvania tubes</subfield></datafield><datafield ind1=" " ind2=" " tag="260"><subfield code="a">New York, Sylvania Electric Products, 1955. P.Dif</subfield></datafield><datafield ind1=" " ind2=" " tag="852"><subfield code="a">12953</subfield></datafield></record></collection>